<?xml version="1.0" encoding="UTF-8"?><collection xmlns="http://www.loc.gov/MARC21/slim"><record><leader>00464nam--2200133-i-4500</leader><controlfield tag="001">000030697</controlfield><controlfield tag="002">20161230</controlfield><controlfield tag="005">20161230201038</controlfield><controlfield tag="008">060222s1000------------r-----000-0-eng-d</controlfield><datafield ind1=" " ind2=" " tag="080"><subfield code="a">621.039.55:539.17.02(043)</subfield></datafield><datafield ind1=" " ind2=" " tag="100"><subfield code="a">Mateescu, Silvia Gh</subfield></datafield><datafield ind1=" " ind2=" " tag="245"><subfield code="a">Contributii la evaluarea sectiunilor eficace ale unor nuclee transactinice in domeniul termic si de rezonanta pt.reactori nucleari. teza</subfield></datafield><datafield ind1=" " ind2=" " tag="260"><subfield code="a">Bucuresti, Inst.Central De Fizica, 1987, 124p</subfield></datafield><datafield ind1=" " ind2=" " tag="852"><subfield code="a">73717</subfield></datafield></record></collection>